@Book{BurgosRoman:2007,
  author =
  "Juan de Burgos Roman" ,
  title =
  "Calculo infinitesimal de una variable 2 edicion" ,
  editing=
  "Carmelo Sanchez Gonzalez " ,
  publisher = "McGRAW-HII/INTERAMERICANA DE ESPANA,S.A.U." ,
  year =
  "2007" ,
  isbn =
  "978-84-481-5634-3" ,
  secion =
  "Capitulo integrales" ,
  subsection = 
  "Integraci√≥n numerica aproximada" ,
  subsubsection = 
  "Regla de los trapecios paginas" ,
  pages = 
  "369-377" 
  }

@MISC{URL:wiki,
  author
  = "Wikipedia.org",
  note
  = {http://es.wikipedia.org/wiki/Regla\_/del\_/trapecio} 
  }

@MISC{URL:PY,
  author
  = "Python",
  note
  = {http://www.python.org/}
  }

@MISC{URL:LATEX,
  author
  = "LaTeX",
  note
  = {http://www.latex-project.org/}
  }
